<record><leader>00000cas a22000007a 4500</leader><controlfield tag="001">17307186</controlfield><controlfield tag="008">880105d18431845ctuwr ne      0    0eng d</controlfield><datafield ind1=" " ind2=" " tag="010"><subfield code="a">sn 88074035 </subfield></datafield><datafield ind1=" " ind2=" " tag="040"><subfield code="a">NYS</subfield><subfield code="b">eng</subfield><subfield code="c">NYS</subfield><subfield code="d">CNW</subfield><subfield code="d">NYS</subfield><subfield code="d">CNW</subfield><subfield code="d">OCL</subfield><subfield code="d">OCLCQ</subfield><subfield code="d">OCLCF</subfield><subfield code="d">OCLCO</subfield></datafield><datafield ind1="1" ind2=" " tag="029"><subfield code="a">AU@</subfield><subfield code="b">000020120576</subfield></datafield><datafield ind1=" " ind2=" " tag="042"><subfield code="a">msc</subfield></datafield><datafield ind1=" " ind2=" " tag="043"><subfield code="a">n-us-ct</subfield></datafield><datafield ind1="0" ind2="0" tag="245"><subfield code="a">Hartford weekly journal.</subfield></datafield><datafield ind1="3" ind2="0" tag="246"><subfield code="a">Hartford journal</subfield></datafield><datafield ind1="1" ind2="3" tag="246"><subfield code="a">Weekly Hartford journal</subfield></datafield><datafield ind1=" " ind2=" " tag="260"><subfield code="a">Hartford, Conn. :</subfield><subfield code="b">Elihu Geer</subfield></datafield><datafield ind1=" " ind2=" " tag="300"><subfield code="a">v.</subfield></datafield><datafield ind1=" " ind2=" " tag="310"><subfield code="a">Weekly</subfield></datafield><datafield ind1="1" ind2=" " tag="362"><subfield code="a">Began in 1843.</subfield></datafield><datafield ind1="0" ind2=" " tag="362"><subfield code="a">-v. 2, no. 61 (Jan. 25, 1845).</subfield></datafield><datafield ind1=" " ind2=" " tag="500"><subfield code="a">"Weekly" appears within title ornament.</subfield></datafield><datafield ind1=" " ind2=" " tag="500"><subfield code="a">"Whig."</subfield></datafield><datafield ind1=" " ind2=" " tag="580"><subfield code="a">Daily ed.: Hartford journal (Hartford, Conn. : 1843), Nov. 2-17, 1843, and: Hartford evening journal, Nov. 18, 1843-1845.</subfield></datafield><datafield ind1=" " ind2=" " tag="580"><subfield code="a">Semi-monthly supplement: Literary journal (Hartford, Conn.), Sept. 7, 1844-Jan. 18, 1845.</subfield></datafield><datafield ind1=" " ind2=" " tag="588"><subfield code="a">Description based on: Vol. 1, no. 17 (Mar. 23, 1844).</subfield></datafield><datafield ind1=" " ind2="0" tag="651"><subfield code="a">Hartford (Conn.)</subfield><subfield code="v">Newspapers.</subfield></datafield><datafield ind1=" " ind2="7" tag="655"><subfield code="a">Newspapers.</subfield><subfield code="2">fast</subfield><subfield code="0">(OCoLC)fst01423814</subfield></datafield><datafield ind1=" " ind2="7" tag="651"><subfield code="a">Connecticut</subfield><subfield code="z">Hartford.</subfield><subfield code="2">fast</subfield><subfield code="0">(OCoLC)fst01207441</subfield></datafield><datafield ind1=" " ind2=" " tag="752"><subfield code="a">United States</subfield><subfield code="b">Connecticut</subfield><subfield code="c">Hartford</subfield><subfield code="d">Hartford.</subfield></datafield><datafield ind1="1" ind2=" " tag="770"><subfield code="t">Literary journal (Hartford, Conn.)</subfield><subfield code="w">(DLC)sn 92051502</subfield></datafield><datafield ind1="1" ind2=" " tag="775"><subfield code="t">Hartford journal (Hartford, Conn. : 1843)</subfield><subfield code="w">(DLC)sn 82014532</subfield><subfield code="w">(OCoLC)8791358</subfield></datafield><datafield ind1="1" ind2=" " tag="775"><subfield code="t">Hartford evening journal</subfield><subfield code="w">(OCoLC)26037164</subfield></datafield><datafield ind1="0" ind2="4" tag="785"><subfield code="t">Connecticut courant (Hartford, Conn. : 1791)</subfield><subfield code="w">(DLC)sn 84023856</subfield><subfield code="w">(OCoLC)11079198</subfield></datafield></record>